<?xml version="1.0" encoding="UTF-8"?><collection xmlns="http://www.loc.gov/MARC21/slim"><record><leader>00378nam--2200133-i-4500</leader><controlfield tag="001">000040333</controlfield><controlfield tag="002">20161230</controlfield><controlfield tag="005">20161230201042</controlfield><controlfield tag="008">060222s1000------------r-----000-0-eng-d</controlfield><datafield ind1=" " ind2=" " tag="080"><subfield code="a">621.3.06</subfield></datafield><datafield ind1=" " ind2=" " tag="100"><subfield code="a">Sarret,Michel  J</subfield></datafield><datafield ind1=" " ind2=" " tag="245"><subfield code="a">Problemes d`implantation. le programme desmag. these</subfield></datafield><datafield ind1=" " ind2=" " tag="260"><subfield code="a">Grenoble, Faculte De Science De L`Univ.De Grenoble, 1969. 135 P</subfield></datafield><datafield ind1=" " ind2=" " tag="852"><subfield code="a">34368</subfield></datafield></record></collection>